@comment{

Este es el archivo de referencias bibliogr'aficas, que incluye tambi'en algunos
ejemplos de c'omo capturar la informaci'on de tus referencias.

Algunas de las referencias m'as comunes son art'iculos de revista,
estos se escriben como se muestra acontinuaci'on. Nota que los nombres
de los autores se separan siempre por la palabra " and ", *incluso* si el
documento de tesis est'a escrito en espa~nol. El sistema cambiara ese "and"
por el apropiado "y".

}

@comment{

Los que siguen son ejemplos de libros.

}

%% Antecedentes

@misc{SinhaRaizada2022,
author = {Sinha, A. & Raizada, S.},
title = {Modelling Customer Churn Rate and Its Use for Customer Retention Planning.},
year = {2022},
url = {http://dx.doi.org/10.2139/ssrn.3998408},
}

@misc{Jilkova2021,
author = {Jílková, P. & Králová, P.},
title = {Digital Consumer Behaviour and eCommerce Trends during the COVID-19 Crisis},
year = {2021},
url = {https://doi.org/10.1007/s11294-021-09817-4},
}

@misc{AbdolvandAlbadviKoosha2021,
author = {Abdolvand, N., Albadvi, A. & Koosha, H.},
title = {Customer Lifetime Value: Literature scoping map, and an agenda for future research.},
year = {2021},
url = {https://papers.ssrn.com/sol3/papers.cfm?abstract_id=3926592},
}

@misc{Falla2021,
author = {Falla, J.},
title = {Predicción de Abandono de Clientes en Telecomunicaciones Mediante el Aprendizaje Automático.},
year = {2021},
url = {http://hdl.handle.net/20.500.12010/22247},
}

%% Otros

@book{stallman2004,
  title={Software libre para una sociedad libre},
  author={Richard M. Stallman},
  edition={1},
  publisher={Traficantes de sueños},
  year={2004},
  address={Madrid}
}

@misc{odoo2022,
author = {Odoo},
title = {Acerca de Odoo},
year = {2022},
url = {https://www.odoo.com/es_ES},
}

@misc{odoodoc,
author = {Odoo},
title = {Documentación de Odoo},
year = {2022},
url = {https://www.odoo.com/documentation/15.0/es/},
}

@misc{lottt2012,
title = {Ley Organica del Trabajo, las trabajadoras y los trabajadores},
year = {2012},
url = {http://www.mppp.gob.ve/wp-content/uploads/2018/05/Gaceta-6076-Ley-Org.del-Tbjo-Trabajadores-y-Trabajador.pdf},
}